<record><leader>00000cas a22000007a 4500</leader><controlfield tag="001">52230065</controlfield><controlfield tag="008">030513c20029999ohumr n       0   e0eng c</controlfield><controlfield tag="009">467</controlfield><datafield ind1=" " ind2=" " tag="010"><subfield code="a">  2003213925</subfield></datafield><datafield ind1=" " ind2=" " tag="040"><subfield code="a">NSD</subfield><subfield code="b">eng</subfield><subfield code="c">NSD</subfield><subfield code="d">OCLCQ</subfield></datafield><datafield ind1=" " ind2=" " tag="012"><subfield code="l">1</subfield></datafield><datafield ind1="1" ind2=" " tag="022"><subfield code="a">1544-7766</subfield><subfield code="l">1544-7766</subfield><subfield code="2">1</subfield></datafield><datafield ind1="1" ind2=" " tag="029"><subfield code="a">AU@</subfield><subfield code="b">000024660331</subfield></datafield><datafield ind1=" " ind2=" " tag="042"><subfield code="a">nsdp</subfield><subfield code="a">pcc</subfield></datafield><datafield ind1="1" ind2="0" tag="050"><subfield code="a">ISSN RECORD</subfield></datafield><datafield ind1=" " ind2="0" tag="222"><subfield code="a">Yili Hua bao</subfield></datafield><datafield ind1="0" ind2="0" tag="245"><subfield code="a">Yili Hua bao =</subfield><subfield code="b">Erie Chinese journal.</subfield></datafield><datafield ind1="3" ind2=" " tag="246"><subfield code="a">Yi li Hua bao</subfield></datafield><datafield ind1="3" ind2="1" tag="246"><subfield code="a">Erie Chinese journal</subfield></datafield><datafield ind1=" " ind2=" " tag="260"><subfield code="a">Twinsburg, OH :</subfield><subfield code="b">A. Pu,</subfield><subfield code="c">[2002-</subfield></datafield><datafield ind1=" " ind2=" " tag="300"><subfield code="a">v.</subfield></datafield><datafield ind1=" " ind2=" " tag="310"><subfield code="a">Monthly</subfield></datafield><datafield ind1="0" ind2=" " tag="362"><subfield code="a">Di 1 qi (2002 nian 11 yue 23 ri)-</subfield></datafield><datafield ind1=" " ind2=" " tag="500"><subfield code="a">Title from caption.</subfield></datafield><datafield ind1=" " ind2=" " tag="752"><subfield code="a">United States</subfield><subfield code="b">Ohio</subfield><subfield code="c">Cuyahoga</subfield><subfield code="d">Cleveland.</subfield></datafield></record>